<record><leader>00000cas a22000007a 4500</leader><controlfield tag="001">13909047</controlfield><controlfield tag="008">860721d19031903iaudr ne      0    0eng d</controlfield><datafield ind1=" " ind2=" " tag="010"><subfield code="a">sn 86061057 </subfield></datafield><datafield ind1=" " ind2=" " tag="040"><subfield code="a">INP</subfield><subfield code="b">eng</subfield><subfield code="c">INP</subfield><subfield code="d">OCLCQ</subfield></datafield><datafield ind1=" " ind2=" " tag="042"><subfield code="a">msc</subfield></datafield><datafield ind1="0" ind2=" " tag="130"><subfield code="a">Morning Democrat (Ottumwa, Iowa)</subfield></datafield><datafield ind1="1" ind2="0" tag="245"><subfield code="a">Morning Democrat.</subfield></datafield><datafield ind1="1" ind2="3" tag="246"><subfield code="a">Ottumwa Democrat</subfield></datafield><datafield ind1=" " ind2=" " tag="250"><subfield code="a">Daily ed.</subfield></datafield><datafield ind1=" " ind2=" " tag="260"><subfield code="a">Ottumwa, Iowa :</subfield><subfield code="b">Democrat Print. Co.,</subfield><subfield code="c">-1903.</subfield></datafield><datafield ind1=" " ind2=" " tag="300"><subfield code="a">v. :</subfield><subfield code="b">ill.</subfield></datafield><datafield ind1=" " ind2=" " tag="310"><subfield code="a">Daily</subfield></datafield><datafield ind1="1" ind2=" " tag="362"><subfield code="a">Began Mar. 18, 1903.</subfield><subfield code="z">Cf. The Morning Democrat (Ottumwa, Iowa), Apr. 1, 1903.</subfield></datafield><datafield ind1="0" ind2=" " tag="362"><subfield code="a">-Sept. 22, 1903.</subfield></datafield><datafield ind1=" " ind2=" " tag="500"><subfield code="a">Official paper of Wapello County.</subfield></datafield><datafield ind1=" " ind2=" " tag="500"><subfield code="a">Special "Erxta [sic] edition" published June 1, 1903.</subfield></datafield><datafield ind1=" " ind2=" " tag="500"><subfield code="a">Editor: S.A. Brewster.</subfield></datafield><datafield ind1=" " ind2=" " tag="515"><subfield code="a">Occasional issues misdated.</subfield></datafield><datafield ind1=" " ind2=" " tag="588"><subfield code="a">Description based on: Mar. 28, 1903.</subfield></datafield><datafield ind1=" " ind2=" " tag="752"><subfield code="a">United States</subfield><subfield code="b">Iowa</subfield><subfield code="c">Wapello</subfield><subfield code="d">Ottumwa.</subfield></datafield><datafield ind1="0" ind2=" " tag="775"><subfield code="t">Ottumwa weekly Democrat</subfield><subfield code="w">(DLC)sn 86063102</subfield></datafield><datafield ind1="0" ind2="0" tag="780"><subfield code="t">Ottumwa daily Democrat</subfield><subfield code="w">(DLC)sn 86061056</subfield></datafield><datafield ind1="0" ind2="0" tag="785"><subfield code="t">Evening Democrat (Ottumwa, Iowa)</subfield><subfield code="w">(DLC)sn 86061058</subfield></datafield></record>